@INPROCEEDINGS{Riezler07,
    author = {Stefan Riezler and Er Vasserman and Ioannis Tsochantaridis and Vibhu Mittal and Yi Liu},
    title = {Statistical machine translation for query expansion in answer retrieval},
    booktitle = {In Proceedings of the 45th Annual Meeting of the Association for Computational Linguistics (ACLâ€™07},
    year = {2007}
}

@INPROCEEDINGS{Hermjakob02,
    author = {Ulf Hermjakob and Abdessamad Echihabi and Daniel Marcu},
    title = {Natural Language Based Reformulation Resource and Web Exploitation For Question Answering},
    booktitle = {PROCEEDINGS OF TREC-2002},
    year = {2002},
    publisher = {}
}

@ARTICLE{Lin01,
    author = {Dekang Lin and Patrick Pantel},
    title = {Discovery of Inference Rules for Question Answering},
    journal = {Natural Language Engineering},
    year = {2001},
    volume = {7},
    pages = {343--360}
}

@techreport{Burke97,
 author = {Burke, Robin D. and Hammond, Kristian J. and Kulyukin, Vladimir A. and Lytinen, Steven L. and Tomuro, N. and Schoenberg, S.},
 title = {Question Answering from Frequently Asked Question Files: Experiences with the FAQ Finder System},
 year = {1997},
 source = {http://www.ncstrl.org:8900/ncstrl/servlet/search?formname=detail\&id=oai%3Ancstrlh%3Achicago_cs%3ACHICAGO_CS%2F%2FTR-97-05},
 publisher = {University of Chicago},
 address = {Chicago, IL, USA},
} 